

@inproceedings{vardiComplexityBoundedvariableQueries1995,
  author =        {Vardi, Moshe Y.},
  booktitle =     {PODS},
  pages =         {266–276},
  publisher =     {ACM},
  series =        {PODS},
  title =         {On the complexity of bounded-variable queries
                   (extended abstract)},
  year =          {1995},
  doi =           {10.1145/212433.212474},
}

@book{flumParameterizedComplexityTheory2006,
  author =        {Flum, Jörg and Grohe, Martin},
  publisher =     {Springer},
  series =        {Texts in Theoretical Computer Science. An EATCS
                   Series},
  title =         {Parameterized Complexity Theory},
  year =          {2006},
  doi =           {10.1007/3-540-29953-X},
}

@article{flumFixedParameterTractabilityDefinability2001,
  author =        {Flum, Jörg and Grohe, Martin},
  journal =       {SIAM Journal on Computing},
  number =        {1},
  pages =         {113-145},
  publisher =     {Society for Industrial and Applied Mathematics},
  title =         {Fixed-Parameter Tractability, Definability, and
                   Model-Checking},
  volume =        {31},
  year =          {2001},
  doi =           {10.1137/S0097539799360768},
}

@article{flumModelCheckingProblemsBasis2005,
  author =        {Flum, Joerg and Grohe, Martin},
  journal =       {Logical Methods in Computer Science},
  publisher =     {Episciences.org},
  title =         {Model-Checking Problems as a Basis for Parameterized
                   Intractability},
  volume =        {Volume 1, Issue 1},
  year =          {2005},
  doi =           {10.2168/LMCS-1(1:2)2005},
}

@article{frickComplexityFirstorderMonadic2004,
  author =        {Frick, Markus and Grohe, Martin},
  journal =       {Annals of Pure and Applied Logic},
  number =        {1-3},
  pages =         {3-31},
  publisher =     {North-Holland},
  title =         {The complexity of first-order and monadic
                   second-order logic revisited},
  volume =        {130},
  year =          {2004},
  doi =           {10.1016/J.APAL.2004.01.007},
}

@article{chenParameterizedSpaceComplexity2019,
  author =        {Chen, Yijia and Elberfeld, Michael and
                   Müller, Moritz},
  journal =       {Logical Methods in Computer Science},
  publisher =     {Episciences.org},
  title =         {The parameterized space complexity of model-checking
                   bounded variable first-order logic},
  volume =        {Volume 15, Issue 3},
  year =          {2019},
  doi =           {10.23638/LMCS-15(3:31)2019},
}

@inproceedings{williamsFasterDecisionFirstorder2014,
  author =        {Williams, Ryan},
  booktitle =     {CSL-LICS},
  pages =         {1–6},
  publisher =     {ACM},
  title =         {Faster decision of first-order graph properties},
  year =          {2014},
  doi =           {10.1145/2603088.2603121},
}

@misc{gaoFineGrainedComplexityStrengthenings2019,
  author =        {Gao, Jiawei and Impagliazzo, Russell},
  publisher =     {ECCC},
  series =        {ECCC},
  title =         {The Fine-Grained Complexity of Strengthenings of
                   First-Order Logic},
  year =          {2019},
  url =           {https://eccc.weizmann.ac.il/report/2019/009/},
}

@article{tarskiCalculusRelations1941,
  author =        {Tarski, Alfred},
  journal =       {The Journal of Symbolic Logic},
  number =        {3},
  pages =         {73-89},
  title =         {On the Calculus of Relations},
  volume =        {6},
  year =          {1941},
  doi =           {10.2307/2268577},
}

@book{tarskiFormalizationSetTheory1987,
  author =        {Tarski, Alfred and Givant, Steven},
  publisher =     {American Mathematical Society},
  title =         {A Formalization of Set Theory without Variables},
  volume =        {41},
  year =          {1987},
  doi =           {10.1090/coll/041},
}

@article{nakamuraExpressivePowerSuccinctness2022,
  author =        {Nakamura, Yoshiki},
  journal =       {Journal of Logical and Algebraic Methods in
                   Programming},
  pages =         {100760},
  title =         {Expressive power and succinctness of the positive
                   calculus of binary relations},
  volume =        {127},
  year =          {2022},
  doi =           {10.1016/j.jlamp.2022.100760},
}

@inproceedings{nakamuraExpressivePowerSuccinctness2020,
  author =        {Nakamura, Yoshiki},
  booktitle =     {RAMICS},
  pages =         {204-220},
  publisher =     {Springer},
  series =        {LNTCS},
  title =         {Expressive Power and Succinctness of the Positive
                   Calculus of Relations},
  volume =        {12062},
  year =          {2020},
  doi =           {10.1007/978-3-030-43520-2_13},
}

@misc{brogniTranslatingFirstOrderPredicate2023,
  author =        {Brogni, Anthony and Joosten, Sebastiaan J. C.},
  number =        {arXiv:2308.02513},
  publisher =     {arXiv},
  title =         {Translating First-Order Predicate Logic to Relation
                   Algebra, Implemented using Z3},
  year =          {2023},
  doi =           {10.48550/arXiv.2308.02513},
}

@article{gaoCompletenessFirstorderProperties2018,
  author =        {Gao, Jiawei and Impagliazzo, Russell and
                   Kolokolova, Antonina and Williams, Ryan},
  journal =       {ACM Trans. Algorithms},
  number =        {2},
  pages =         {23:1–23:35},
  title =         {Completeness for First-order Properties on Sparse
                   Structures with Algorithmic Applications},
  volume =        {15},
  year =          {2018},
  doi =           {10.1145/3196275},
}

